@article{yu2021godaddy,
  title={The GoDaddy/UCLA Anderson Forecast Microbusiness Activity Index Update, 2021Q4},
  author={Yu, William},
  journal={UCLA Anderson Forecast},  
  year={2021},
  publisher={Emerald Group Publishing Limited},
  url={https://www.anderson.ucla.edu/sites/default/files/document/2022-03/microbusiness_2021Q4_final.pdf}
}
volume={21},
number={3},
pages={385--404},