@article{yu2021godaddy,
  title={The GoDaddy/UCLA Anderson Forecast Microbusiness Activity Index Update, 2021Q4},
  author={Yu, William},
  journal={UCLA Anderson Forecast},  
  year={2021},
  publisher={Emerald Group Publishing Limited},
  url={https://www.anderson.ucla.edu/sites/default/files/document/2022-03/microbusiness_2021Q4_final.pdf}
}
@inproceedings{chen2016xgboost,
  title={Xgboost: A scalable tree boosting system},
  author={Chen, Tianqi and Guestrin, Carlos},
  booktitle={Proceedings of the 22nd acm sigkdd international conference on knowledge discovery and data mining},
  pages={785--794},
  year={2016},
  url={https://dl.acm.org/doi/10.1145/2939672.2939785}
}
@misc{geomap,
  title = {US Latitude and Longitude Map},
  howpublished = {\url{https://www.burningcompass.com/countries/united-states/us-latitude-and-longitude-map.html}},
  note = {Accessed: \today}
}

@article{piryonesi2020data,
  title={Data analytics in asset management: Cost-effective prediction of the pavement condition index},
  author={Piryonesi, S Madeh and El-Diraby, Tamer E},
  journal={Journal of Infrastructure Systems},
  volume={26},
  number={1},
  pages={04019036},
  year={2020},
  publisher={American Society of Civil Engineers}
}

@article{hastie2009elements,
  title={The elements of statistical learnin},
  author={Hastie, Trevor and Tibshirani, Robert and Friedman, Jerome},
  journal={Cited on},
  volume={33},
  year={2009}
}

@article{prokhorenkova2017catboost,
  title={CatBoost: Unbiased boosting with categorical features. arXiv 2017},
  author={Prokhorenkova, L and Gusev, G and Vorobev, A and Dorogush, AV and Gulin, A},
  journal={arXiv preprint arXiv:1706.09516},
  year={2017}
}

@article{dorogush2018catboost,
  title={CatBoost: gradient boosting with categorical features support},
  author={Dorogush, Anna Veronika and Ershov, Vasily and Gulin, Andrey},
  journal={arXiv preprint arXiv:1810.11363},
  year={2018}
}

@misc{uscensus,
  title = {US Census Data by County},
  author = {United States Census Bureau},
  howpublished = {\url{https://www2.census.gov/programs-surveys/popest/datasets/2020-2021/counties/totals/}},
  note = {Accessed: \today}
}

@misc{uscoordinates,
  title = {US County Coordinates},
  howpublished = {\url{https://www.kaggle.com/datasets/alejopaullier/usa-counties-coordinates}},
  note = {Accessed: \today}
}

@article{wojcik2018prognozowanie,
  title={Prognozowanie dziennych obrot{\'o}w przedsi{\k{e}}biorstwa za pomoc{\k{a}} algorytmu XGBoost--studium przypadku},
  author={W{\'o}jcik, Filip},
  journal={Studia Ekonomiczne},
  volume={375},
  pages={121--140},
  year={2018},
  publisher={Wydawnictwo Uniwersytetu Ekonomicznego w Katowicach}
}

@book{hayashi2011econometrics,
  title={Econometrics},
  author={Hayashi, Fumio},
  year={2011},
  publisher={Princeton University Press}
}