@article{yu2021godaddy,
  title={The GoDaddy/UCLA Anderson Forecast Microbusiness Activity Index Update, 2021Q4},
  author={Yu, William},
  journal={UCLA Anderson Forecast},  
  year={2021},
  publisher={Emerald Group Publishing Limited},
  url={https://www.anderson.ucla.edu/sites/default/files/document/2022-03/microbusiness_2021Q4_final.pdf}
}
@inproceedings{chen2016xgboost,
  title={Xgboost: A scalable tree boosting system},
  author={Chen, Tianqi and Guestrin, Carlos},
  booktitle={Proceedings of the 22nd acm sigkdd international conference on knowledge discovery and data mining},
  pages={785--794},
  year={2016},
  url={https://dl.acm.org/doi/10.1145/2939672.2939785}
}
@misc{geomap,
  title = {US Latitude and Longitude Map},
  howpublished = {\url{https://www.burningcompass.com/countries/united-states/us-latitude-and-longitude-map.html}},
  note = {Accessed: \today}
}
